@book{organisationochorganisering,
	author = "Ulla Eriksson-Zetterquist and Thomas Kalling and Alexander Styhre",
	title = "Organisation och Organisering",
	year = "2011",
	edition = "Tredje upplagan"
}

@online{kivasystems,
	title = "Amazon’s new Kiva Robots use QR codes to sense their location",
	url = "http://www.scandit.com/2012/04/05/amazon%E2%80%99s-new-kiva-robots-use-qr-codes-to-sense-their-location/",
	date = "2012-04-05",
	urldate = "2015-02-09"
}

@report {laser,
	author = "Anton Ekman and Henrik Fransson and Sebastian Karlsson and Oskar Karnblad and Jonas Törnqvist and Niklas Wikström",
	title = "Warehouse Solution using Automated Guided Vehicles",
	year = "2014",
	institution = "Signaler och system Chalmers tekniska högskola",
	type = "Rapport",
}

@report {qr,
	author = "Erik Henriksson and Naemi Jönsson and Viktor Kardell and Richard Peterson and Anna Ragnerius and Hannes Östergren",
	title = "Materialtransport med AGV",
	year = "2014",
	institution = "Signaler och system Chalmers tekniska högskola",
	type = "Rapport",
}

@online{bcg,
	title = "Takeoff in Robotics Will Power the Next Productivity Surge in Manufacturing",
	author = "The Boston Consulting Group",
	url = "http://www.bcg.com/media/PressReleaseDetails.aspx?id=tcm:12-181684",
	date = "2015-02-10",
	urldate = "2015-02-12"
}

@book {log,
	author = "Patrik Jonsson and Stig-Arne Mattson",
	title = "Logistik --- Läran om effektiva materialflöden",
	year = "2011"
}

@online{truckar,
	author = "Arbetsmiljöverket",
	title = "Truckar",
	url = "http://www.av.se/dokument/statistik/sf/Af_2010_01.pdf",
	year = "2010",
	urldate = "2015-02-12"
}

